@book{clay2013world,
  title={World agriculture and the environment: a commodity-by-commodity guide to impacts and practices},
  author={Clay, Jason},
  year={2013},
  publisher={Island Press}
}
